@Manual{R-base,
  title = {R: A Language and Environment for Statistical Computing},
  author = {{R Core Team}},
  organization = {R Foundation for Statistical Computing},
  address = {Vienna, Austria},
  year = {2022},
  url = {https://www.R-project.org/},
}
@Manual{R-papaja,
  title = {{papaja}: {Prepare} reproducible {APA} journal articles with {R Markdown}},
  author = {Frederik Aust and Marius Barth},
  year = {2022},
  note = {R package version 0.1.1},
  url = {https://github.com/crsh/papaja},
}
@Manual{R-tinylabels,
  title = {{tinylabels}: Lightweight Variable Labels},
  author = {Marius Barth},
  year = {2022},
  note = {R package version 0.2.3},
  url = {https://cran.r-project.org/package=tinylabels},
}
@Manual{R-careless,
  title = {careless: Procedures for computing indices of careless responding},
  author = {Richard D. Yentes and Francisco Wilhelm},
  year = {2021},
  note = {R package version 1.2.1},
}
@Manual{R-descr,
  title = {descr: Descriptive Statistics},
  author = {Jakson Aquino. Includes R source code and/or documentation written by Dirk Enzmann and Marc Schwartz and Nitin Jain and Stefan Kraft},
  year = {2021},
  note = {R package version 1.1.5},
  url = {https://CRAN.R-project.org/package=descr},
}
@Article{R-lavaan,
  title = {{lavaan}: An {R} Package for Structural Equation Modeling},
  author = {Yves Rosseel},
  journal = {Journal of Statistical Software},
  year = {2012},
  volume = {48},
  number = {2},
  pages = {1--36},
  doi = {10.18637/jss.v048.i02},
}
