@Manual{R-psych,
    title = {psych: Procedures for Psychological, Psychometric, and
      Personality Research},
    author = {William Revelle},
    organization = { Northwestern University},
    address = { Evanston, Illinois},
    year = {2022},
    note = {R package version 2.2.9},
    url = {https://CRAN.R-project.org/package=psych},
  }
  
@Manual{R-base,
  title = {R: A Language and Environment for Statistical Computing},
  author = {{R Core Team}},
  organization = {R Foundation for Statistical Computing},
  address = {Vienna, Austria},
  year = {2022},
  url = {https://www.R-project.org/},
}
@Manual{R-papaja,
  title = {{papaja}: {Prepare} reproducible {APA} journal articles with {R Markdown}},
  author = {Frederik Aust and Marius Barth},
  year = {2022},
  note = {R package version 0.1.1},
  url = {https://github.com/crsh/papaja},
}
@Manual{R-tinylabels,
  title = {{tinylabels}: Lightweight Variable Labels},
  author = {Marius Barth},
  year = {2022},
  note = {R package version 0.2.3},
  url = {https://cran.r-project.org/package=tinylabels},
}
@Manual{R-careless,
  title = {careless: Procedures for computing indices of careless responding},
  author = {Richard D. Yentes and Francisco Wilhelm},
  year = {2021},
  note = {R package version 1.2.1},
}
@Manual{R-corrplot2021,
  title = {R package 'corrplot': Visualization of a Correlation Matrix},
  author = {Taiyun Wei and Viliam Simko},
  year = {2021},
  note = {(Version 0.92)},
  url = {https://github.com/taiyun/corrplot},
}
