
@book{kouretsis2020,
	title = {labourR: Classify Multilingual Labour Market Free-Text to Standardized Hierarchical Occupations},
	author = {{Kouretsis}, {Alexandros} and {Bampouris}, {Andreas} and {Morfiris}, {Petros} and {Papageorgiou}, {Konstantinos}},
	year = {2020},
	date = {2020},
	url = {https://CRAN.R-project.org/package=labourR}
}
