@article{jonason2010dirty,
  title={The dirty dozen: a concise measure of the dark triad.},
  author={Jonason, Peter K and Webster, Gregory D},
  journal={Psychological assessment},
  volume={22},
  number={2},
  pages={420--432},
  year={2010},
  publisher={American Psychological Association}
}

@article{grigoras2020measurement,
  title={The measurement invariance of the Short Dark Triad: Implications for high-and low-stakes contexts.},
  author={Grigoras, Mihaela and Butucescu, Andreea and Miulescu, Amalia and Opariuc-Dan, Cristian and Iliescu, Drago»ô},
  journal={Journal of Individual Differences},
  pages={1--12},
  year={2020},
  publisher={Hogrefe Publishing}
}

@article{geng2015dirty,
  title={Dirty dozen and short dark triad: A Chinese validation of two brief measures of the dark triad},
  author={Geng, YG and Sun, QB and Huang, JY and Zhu, YZ and Han, XH},
  journal={Chinese Journal of Clinical Psychology},
  volume={23},
  number={2},
  pages={246--250},
  year={2015}
}

@article{schmitt2008measurement,
  title={Measurement invariance: Review of practice and implications},
  author={Schmitt, Neal and Kuljanin, Goran},
  journal={Human resource management review},
  volume={18},
  number={4},
  pages={210--222},
  year={2008},
  publisher={Elsevier}
}

@article{vandevelopmetrics,
  title={Developmetrics: A checklist for testing measurement invariance},
  author={van de Schoot, Rens and Lugtig, Peter and Hox, Joop},
  journal={European Journal of Developmental Psychology},
  volume={9},
  number={4},
  pages={486--492},
  year={2012}
}

@article{church2011cross,
  title={Are cross-cultural comparisons of personality profiles meaningful? Differential item and facet functioning in the Revised NEO Personality Inventory.},
  author={Church, A Timothy and Alvarez, Juan M and Mai, Nhu TQ and French, Brian F and Katigbak, Marcia S and Ortiz, Fernando A},
  journal={Journal of personality and social psychology},
  volume={101},
  number={5},
  pages={1068--1089},
  year={2011},
  publisher={American Psychological Association}
}

@article{itc_2017,
  title={The ITC Guidelines for Translating and Adapting Tests (Second edition)},
  author={International Test Commission},
  year={2017},
  publisher={www.InTestCom.org}
}

@article{steinmetz2009testing,
  title={Testing measurement invariance using multigroup CFA: Differences between educational groups in human values measurement},
  author={Steinmetz, Holger and Schmidt, Peter and Tina-Booh, Andrea and Wieczorek, Siegrid and Schwartz, Shalom H},
  journal={Quality \& Quantity},
  volume={43},
  number={4},
  pages={599--616},
  year={2009},
  publisher={Springer}
}

@article{meredith1993measurement,
  title={Measurement invariance, factor analysis and factorial invariance},
  author={Meredith, William},
  journal={Psychometrika},
  volume={58},
  number={4},
  pages={525--543},
  year={1993},
  publisher={Springer}
}

@inproceedings{engage_2022,
author = {Russell, Morgan and Ossorio Duffoo, Casey and Garcia Prieto Palacios Roji, Renata and Kulas, John},
title= {Development of an intentional bifactor measure of engagement},
booktitle   = {the Seattle edition of SIOP},
year= {2022},
publisher = {SIOP},
pages     = {1--14},
}

@article{dziak2020sensitivity,
  title={Sensitivity and specificity of information criteria},
  author={Dziak, John J and Coffman, Donna L and Lanza, Stephanie T and Li, Runze and Jermiin, Lars S},
  journal={Briefings in bioinformatics},
  volume={21},
  number={2},
  pages={553--565},
  year={2020},
  publisher={Oxford University Press}
}
@article{joreskog1994estimation,
  title={On the estimation of polychoric correlations and their asymptotic covariance matrix},
  author={J{\"o}reskog, Karl G},
  journal={Psychometrika},
  volume={59},
  number={3},
  pages={381--389},
  year={1994},
  publisher={Springer}
}